@book{knuth:ct:a,
  author       = {Knuth, Donald E.},
  title        = {The {\TeX} book},
  shorttitle   = {\TeX book},
  date         = 1984,
  maintitle    = {Computers \& Typesetting},
  volume       = {A},
  publisher    = {Addison-Wesley},
  location     = {Reading, Mass.}
}
