
@book{lamport:handbuch,
  author        = {Leslie Lamport},
  title         = {Das {\LaTeX}-Handbuch},
  shorttitle    = {{\LaTeX}-Handbuch},
  publisher     = {Addison-Wesley},
  location      = {Bonn},
  year          = {1995},
  isbn          = {3-89319-826-1}
}
