
@article {Niepraschk-dtk15.1:niepraschk.voss:texlivelist,
  author        = {Rolf Niepraschk and Herbert Vo{\ss}},
  title         = {Ausgabe einer Liste der installierten Pakete unter \TeX{}Live},
  journal    = dtk,
  year        = 2015,
  altvolume    = 27,
  altnumber    = {1},
  volume    = {1/2015},
  month        = feb,
  pages        = {32--34},
  annote    = {Tipps und Tricks}
}
