@Book{voss:2008,
  author	= {Herbert Voß},
  title		= {PSTricks --  Grafik für {\TeX} und {\LaTeX}},
  edition	= {5},
  publisher	= {DANTE -- Lob.media},
  date		= {2008},
  address	= {Heidelberg/""Hamburg}
}

@ctan{pakin:2008,
  Title          = {The Comprehensive {\LaTeX} Symbol list},
  Author         = {Pakin, Scott},
  Organization   = {CTAN},
  url        = {/info/symbols/comprehensive/symbol-a4.pdf},
  date           = {2008},
}

@ctan{europecv,
  author = {N. Vitacolonna},
  sorttitle={europecv},
  title = {\texttt{europecv}: an unofficial class for European curricula},
  ctanurl = {macros/latex/contrib/europecv/},
  year = 2006,
  urldate = {2012-08-14},
}

@online{ep1,
  author = {{Bundesinstitut für Berufsbildung}},
  title = {\texttt{europass} Deutschland},
  sorttitle={europass},
  url = {http://www.europass-info.de},
  urldate = {2012-01-21}
}
